
% create a reference for the URL https://www.who.int/news-room/fact-sheets/detail/antimicrobial-resistance from the who concering antibiotic resistance
@misc{who_antibiotic_resistance,
    author = {WorldHealthOrganization},
    title = {Antimicrobial resistance},
    howpublished = {https://www.who.int/news-room/fact-sheets/detail/antimicrobial-resistance},
    note = {Accessed: 2025-05-12},
    year = {2023}
}

% Wikipedia - Beta-lactam antibiotics https://en.wikipedia.org/wiki/%CE%92-Lactam_antibiotic
@misc{wikipedia_beta_lactam_antibiotics,
    author = {Wikipedia},
    title = {Beta-lactam antibiotics},
    howpublished = {https://en.wikipedia.org/wiki/%CE%92-Lactam_antibiotic},
    note = {Accessed: 2025-05-12},
    year = {2025}
}

% Versporten A, Zarb P, Caniaux I, et al. Antimicrobial consumption and resistance in adult hospital inpatients in 53 countries: results of an internet-based global point prevalence survey. Lancet Glob Health. 2018;6(6):e619-e629. doi:10.1016/S2214-109X(18)30186-4
@article{versporten2018,
    author = {Versporten, A. and Zarb, P. and Caniaux, I. and others},
    title = {Antimicrobial consumption and resistance in adult hospital inpatients in 53 countries: results of an internet-based global point prevalence survey},
    journal = {Lancet Glob Health},
    year = {2018},
    volume = {6},
    pages = {e619-e629},
    doi = {10.1016/S2214-109X(18)30186-4}
}

% Waxman DJ, Yocum RR, Strominger JL. Penicillinsand cephalosporins are active site-directed acylating agents: evidence in support of the substrate analogue hypothesis. Philos Trans R Soc Lond B Biol Sci. 1980;289(1036):257-271. doi:10.1098/rstb.1980.0044
@article{waxman1980,
    author = {Waxman, DJ and Yocum, RR and Strominger, JL},
    title = {Penicillinsand cephalosporins are active site-directed acylating agents: evidence in support of the substrate analogue hypothesis},
    journal = {Philos Trans R Soc Lond B Biol Sci},
    year = {1980},
    volume = {289},
    pages = {257-271},
    doi = {10.1098/rstb.1980.0044}
}


% Sutcliffe JG. Nucleotide sequence of the ampicillin resistance gene of Escherichiacoli plasmid pBR322. Proc Natl Acad Sci U S A. 1978;75(8):3737-3741. doi:10.1073/pnas.75.8.373712.
% First beta lactamase found in a patient TEM-1
@article{sutcliffe1978,
    author = {Sutcliffe, JG.},
    title = {Nucleotide sequence of the ampicillin resistance gene of Escherichiacoli plasmid pBR322},
    journal = {Proc Natl Acad Sci U S A},
    year = {1978},
    volume = {75},
    pages = {3737-3741},
    doi = {10.1073/pnas.75.8.3737}
}

% Naas T, Oueslati S, Bonnin RA, et al. Beta-lactamase database (BLDB) -structure and function. J Enzyme Inhib Med Chem. 2017;32(1):917-919. doi:10.1080/14756366.2017.1344235
% BLDB - Beta Lactamase Database
@article{naas2017,
    author = {Naas, T. and Oueslati, S. and Bonnin, RA. and others},
    title = {Beta-lactamase database (BLDB) -structure and function},
    journal = {J Enzyme Inhib Med Chem},
    year = {2017},
    volume = {32},
    pages = {917-919},
    doi = {10.1080/14756366.2017.1344235}
}


% Kim D, Kim S, Kwon Y, Kim Y, Park H, Kwak K, Lee H, Lee JH, Jang KM, Kim D, Lee SH, Kang LW. Structural Insights for beta-Lactam Antibiotics. Biomol Ther (Seoul). 2023 Mar 1;31(2):141-147. doi: 10.4062/biomolther.2023.008. Epub 2023 Feb 15. PMID: 36788654; PMCID: PMC9970833.
% Structural Insights for beta-Lactam Antibiotics explains the structure of beta-lactam antibiotics and works as a reference for the structure of beta-lactam antibiotics
@article{kim2023,
    author = {Kim, D. and Kim, S. and Kwon, Y. and others},
    title = {Structural Insights for beta-Lactam Antibiotics},
    journal = {Biomol Ther (Seoul)},
    year = {2023},
    volume = {31},
    pages = {141-147},
    doi = {10.4062/biomolther.2023.008}
}


% Datta N, Kontomichalou P. Penicillinase synthesis controlled by infectious R factors in Enterobacteriaceae. Nature. 1965;208(5007):239-241. doi:10.1038/208239a011.


% Ambler RP. The structure of beta-lactamases. Philos Trans R Soc Lond B Biol Sci. 1980;289(1036):321-331. doi:10.1098/rstb.1980.00498.
% Ambler RP - The structure of beta-lactamases
@article{ambler1980,
    author = {Ambler, RP.},
    title = {The structure of beta-lactamases},
    journal = {Philos Trans R Soc Lond B Biol Sci},
    year = {1980},
    volume = {289},
    pages = {321-331},
    doi = {10.1098/rstb.1980.0049}
}


% Bush K. The ABCD’s of beta-lactamase nomenclature. J Infect Chemother. 2013;19(4):549-559. doi:10.1007/s10156-013-0640-79.
@article{bush2013,
    author = {Bush, K.},
    title = {The ABCD's of beta-lactamase nomenclature},
    journal = {J Infect Chemother},
    year = {2013},
    volume = {19},
    pages = {549-559},
    doi = {10.1007/s10156-013-0640-7}   
}



% Bush K, Jacoby GA, Medeiros AA. A functional classification scheme for beta-lactamases and its correlation with molecular structure. Antimicrob Agents Chemother. 1995;39(6):1211-1233. doi:10.1128/AAC.39.6.1211
@article{bush1995,
    author = {Bush, K. and Jacoby, GA. and Medeiros, AA.},
    title = {A functional classification scheme for beta-lactamases and its correlation with molecular structure},
    journal = {Antimicrob Agents Chemother},
    year = {1995},
    volume = {39},
    pages = {1211-1233},
    doi = {10.1128/AAC.39.6.1211}
}

%%%% ------------------------------------------------------------
%%%%
%%%% AI Stuff
%%%%
%%%% ------------------------------------------------------------

% Jumper, J., Evans, R., Pritzel, A. et al. Highly accurate protein structure prediction with AlphaFold. Nature 596, 583–589 (2021). https://doi.org/10.1038/s41586-021-03819-2
% AlphaFold 1- Protein Structure Prediction
@article{jumper2021,
    author = {Jumper, J. and Evans, R. and Pritzel, A. and others},
    title = {Highly accurate protein structure prediction with AlphaFold},
    journal = {Nature},
    year = {2021},
    volume = {596},
    pages = {583-589},
    doi = {10.1038/s41586-021-03819-2}
}

% Hayes T, Rao R, Akin H, Sofroniew NJ, Oktay D, Lin Z, Verkuil R, Tran VQ, Deaton J, Wiggert M, Badkundri R, Shafkat I, Gong J, Derry A, Molina RS, Thomas N, Khan YA, Mishra C, Kim C, Bartie LJ, Nemeth M, Hsu PD, Sercu T, Candido S, Rives A. Simulating 500 million years of evolution with a language model. Science. 2025 Feb 21;387(6736):850-858. doi: 10.1126/science.ads0018. Epub 2025 Jan 16. PMID: 39818825.
% ESM-3 - Evolutionary Sequence Model
@article{hayes2025,
    author = {Hayes, T. and Rao, R. and Akin, H. and others},
    title = {Simulating 500 million years of evolution with a language model},
    journal = {Science},
    year = {2025},
    volume = {387},
    pages = {850-858},
    doi = {10.1126/science.ads0018}
}

